@article{tri,
author = {Gilhooly, L. and Rayadin, Y. and Cheyne, S.},
year = {2015},
title = {A Comparison of Hylobatid Survey
Methods Using Triangulation on {M}üller’s
Gibbon ({H}ylobates muelleri) in {S}ungai
{W}ain {P}rotection Forest, {E}ast {K}alimantan,
{I}ndonesia},
journal = {International Journal of Primatology}
}
